<?xml version="1.0" encoding="UTF-8"?><record xmlns="http://www.loc.gov/MARC21/slim" xmlns:cinclude="http://apache.org/cocoon/include/1.0" xmlns:zs="http://www.loc.gov/zing/srw/">
  <leader>00793cz  a2200205n  4500</leader>
  <controlfield tag="001">n  85250397 </controlfield>
  <controlfield tag="003">DLC</controlfield>
  <controlfield tag="005">20080612075145.0</controlfield>
  <controlfield tag="008">861218n| acannaabn          |a ana      </controlfield>
  <datafield tag="010" ind1=" " ind2=" ">
    <subfield code="a">n  85250397 </subfield>
  </datafield>
  <datafield tag="035" ind1=" " ind2=" ">
    <subfield code="a">(OCoLC)oca01753511</subfield>
  </datafield>
  <datafield tag="040" ind1=" " ind2=" ">
    <subfield code="a">DLC</subfield>
    <subfield code="b">eng</subfield>
    <subfield code="c">DLC</subfield>
    <subfield code="d">OCoLC</subfield>
  </datafield>
  <datafield tag="110" ind1="2" ind2=" ">
    <subfield code="a">Basler &amp; Hofmann</subfield>
  </datafield>
  <datafield tag="410" ind1="2" ind2=" ">
    <subfield code="a">Basler und Hofmann</subfield>
  </datafield>
  <datafield tag="410" ind1="2" ind2=" ">
    <subfield code="a">Basler &amp; Hofmann Ingenieure und Planer AG</subfield>
  </datafield>
  <datafield tag="410" ind1="2" ind2=" ">
    <subfield code="a">Basler u. Hofmann AG</subfield>
  </datafield>
  <datafield tag="510" ind1="2" ind2=" ">
    <subfield code="w">a</subfield>
    <subfield code="a">Ingenieurbüro Basler &amp; Hofmann</subfield>
  </datafield>
  <datafield tag="670" ind1=" " ind2=" ">
    <subfield code="a">Massnahmen zur Eindämmung des Einsatzes von Getränkedosen, 1986:</subfield>
    <subfield code="b">t.p. (Basler &amp; Hofmann//Ingenieure und Planer AG//Zürich)</subfield>
  </datafield>
  <datafield tag="670" ind1=" " ind2=" ">
    <subfield code="a">Adressb., Zürich, 1979</subfield>
    <subfield code="b">(Basler u. Hofmann AG, Ing. Büro)</subfield>
  </datafield>
  <datafield tag="675" ind1=" " ind2=" ">
    <subfield code="a">Rippenlose Verbindungen im Stahlhochbau, 1973?: t.p. (Ingenieurbüro Basler &amp; Hofmann)</subfield>
  </datafield>
</record>